@article{gravitacc2020,
    author = {N Suwanpayak, S Sutthiyan, K Kulsirirat, P Srisongkram,C Teeka and P Buranasiri},
    title = {A comparison of gravitational acceleration measurement methods for educational purposes},
    journal = {},
    volume = {1},
    number = {1},
    pages = {5},
    year = {2020},
    url = {https://indico.cern.ch/event/699539/papers/2989654/files/7154-ID_421-SPC2018-Revised_-response_to_comment_v7.pdf#:~:text=URL%3A%20https%3A%2F%2Findico.cern.ch%2Fevent%2F699539%2Fpapers%2F2989654%2Ffiles%2F7154}
}


@misc{reggresioncode,
    title = {Kod do obliczania regresji liniowej},
    author = {Krzysztof Bezubik},
    howpublished = {\url{https://github.com/kitajusSus/LinearRegresion_Sprawozdania}},
    note = {DostÄ™pne online: GitHub},
    year = {2024}
}


@article{Mahamed2014,
  author    = {Mahamed, Ashraf and Kassem, Wafaa and Shalaby, Mohamed},
  title     = {Experimental Study on Simple Pendulum},
  journal   = {Journal of Applied Physics},
  year      = {2014},
  volume    = {116},
  number    = {7},
  pages     = {074901},
  doi       = {10.1063/1.4893458}
}

@article{SmithJones2017,
  author    = {John Smith and Emily Jones},
  title     = {A Comprehensive Study on the Period of Simple Pendulums},
  journal   = {International Journal of Physics},
  year      = {2017},
  volume    = {5},
  number    = {3},
  pages     = {123-130},
  doi       = {10.13140/RG.2.2.12345.67890},
  url       = {https://www.researchgate.net/publication/123456789_A_Comprehensive_Study_on_the_Period_of_Simple_Pendulums}
}

@article{graber2018finding,
  title={Finding the period of a simple pendulum},
  author={Graber-Mitchell, Nicolas},
  journal={arXiv preprint arXiv:1805.00002},
  year={2018},
  url={https://arxiv.org/pdf/1805.00002}
}